<record xmlns="http://www.loc.gov/MARC21/slim" xmlns:xsi="http://www.w3.org/2001/XMLSchema-instance" xsi:schemaLocation="http://www.loc.gov/MARC21/slim http://www.loc.gov/standards/marcxml/schema/MARC21slim.xsd"><leader>00037nz   2200037n  4500</leader><controlfield tag="001">DNB|102381402</controlfield><controlfield tag="003">DNB</controlfield><controlfield tag="005">19960808163941.0</controlfield><controlfield tag="008">930416|||az|nnaa|||||||||||| a|aaa|||| d</controlfield><datafield ind1="7" ind2=" " tag="016"><subfield code="a">102381402</subfield><subfield code="2">GyFmDB</subfield></datafield><datafield ind1=" " ind2=" " tag="040"><subfield code="a">0000</subfield><subfield code="b">ger</subfield><subfield code="d">9999</subfield><subfield code="f">RAK-PND</subfield></datafield><datafield ind1="1" ind2=" " tag="045"><subfield code="b">d5. Jh. v. Chr.</subfield></datafield><datafield ind1="0" ind2=" " tag="100"><subfield code="a">Aristias,</subfield><subfield code="c">Tragicus</subfield><subfield code="d">5. Jh. v. Chr.</subfield></datafield><datafield ind1="0" ind2=" " tag="400"><subfield code="a">Aristias,</subfield><subfield code="c">Tragiker</subfield><subfield code="d">5. Jh. v. Chr.</subfield></datafield><datafield ind1="0" ind2=" " tag="400"><subfield code="a">Aristias,</subfield><subfield code="c">Sohn des Pratinas</subfield><subfield code="d">5. Jh. v. Chr.</subfield></datafield><datafield ind1="0" ind2=" " tag="400"><subfield code="a">Aristias,</subfield><subfield code="c">Figlio di Pratina di Fliunte</subfield><subfield code="d">5. Jh. v. Chr.</subfield></datafield><datafield ind1="0" ind2=" " tag="400"><subfield code="a">Aristias,</subfield><subfield code="c">Poeta Tragico</subfield><subfield code="d">5. Jh. v. Chr.</subfield></datafield><datafield ind1="0" ind2=" " tag="400"><subfield code="a">Aristias,</subfield><subfield code="c">von Phleius</subfield><subfield code="d">5. Jh. v. Chr.</subfield></datafield><datafield ind1="0" ind2=" " tag="400"><subfield code="a">Aristias,</subfield><subfield code="c">di Fliunte</subfield><subfield code="d">5. Jh. v. Chr.</subfield></datafield></record>